      
@article{gg,
author = {Travis B. Murdoch, Allan S. Detsky},
title = {The inevitable Application of Big Data to Health Care},
journaltitle = {American Medical Association},
year = {2013},
}

@TechReport{wp,
author = {Choong Ho Lee, Hyung-Jin Yoon},
title = {Medical big data: promise and challenges},
institution = {Kidney Res Clin Pract},
year = {2017},
}
@TechReport{geir,
author = {American Medical Association},
title = {Waht is Clinical Data Registry},
institution = {gg},
year = {2014},
}

@TechReport{kek,
author = {Clemens Scott Kruse},
title = {Challenges and Opportunities of Big Data in Health Care: A Systematic Review},
institution = {},
year = {2016},
}